@article{mcculloch:neuron,
  title={A logical calculus of the ideas immanent in nervous activity},
  author={McCulloch, Warren S and Pitts, Walter},
  journal={The bulletin of mathematical biophysics},
  volume={5},
  number={4},
  pages={115--133},
  year={1943},
  publisher={Springer}
}

@book{bishop:nn,
  title={Neural networks for pattern recognition},
  author={Bishop, Christopher M.},
  year={1995},
  publisher={Oxford University Press}
}

@article{rosenblatt:perceptron,
  doi = {10.1037/h0042519},
  url = {https://doi.org/10.1037/h0042519},
  year = {1958},
  publisher = {American Psychological Association ({APA})},
  volume = {65},
  number = {6},
  pages = {386--408},
  author = {F. Rosenblatt},
  title = {The perceptron: A probabilistic model for information storage and organization in the brain.},
  journal = {Psychological Review}
}

@article{nwankpa:activationfcns,
  author    = {Chigozie Nwankpa and
               Winifred Ijomah and
               Anthony Gachagan and
               Stephen Marshall},
  title     = {Activation Functions: Comparison of trends in Practice and Research
               for Deep Learning},
  journal   = {CoRR},
  volume    = {abs/1811.03378},
  year      = {2018},
  url       = {http://arxiv.org/abs/1811.03378},
  eprinttype = {arXiv},
  eprint    = {1811.03378},
  timestamp = {Fri, 23 Nov 2018 12:43:51 +0100},
  biburl    = {https://dblp.org/rec/journals/corr/abs-1811-03378.bib},
  bibsource = {dblp computer science bibliography, https://dblp.org}
}

@inproceedings{nair:relu,
  author={Vinod Nair and Geoffrey E. Hinton},
  title={Rectified Linear Units Improve Restricted Boltzmann Machines},
  year={2010},
  cdate={1262304000000},
  pages={807-814},
  url={https://icml.cc/Conferences/2010/papers/432.pdf},
  booktitle={ICML},
  crossref={conf/icml/2010}
}

@article{rama:swish,
  title={Searching for activation functions},
  author={Ramachandran, Prajit and Zoph, Barret and Le, Quoc V},
  journal={arXiv preprint arXiv:1710.05941},
  year={2017}
}

@inproceedings{dugas:softplus,
 author = {Dugas, Charles and Bengio, Yoshua and B\'{e}lisle, Fran\c{c}ois and Nadeau, Claude and Garcia, Ren\'{e}},
 booktitle = {Advances in Neural Information Processing Systems},
 editor = {T. Leen and T. Dietterich and V. Tresp},
 pages = {472-478},
 publisher = {MIT Press},
 title = {Incorporating Second-Order Functional Knowledge for Better Option Pricing},
 url = {https://proceedings.neurips.cc/paper/2000/file/44968aece94f667e4095002d140b5896-Paper.pdf},
 volume = {13},
 year = {2000}
}

@proceedings{conf/icml/2010,
  editor    = {Johannes F{\"{u}}rnkranz and
               Thorsten Joachims},
  title     = {Proceedings of the 27th International Conference on Machine Learning
               (ICML-10), June 21-24, 2010, Haifa, Israel},
  publisher = {Omnipress},
  year      = {2010},
  timestamp = {Fri, 12 Jun 2015 19:15:11 +0200},
  biburl    = {https://dblp.org/rec/conf/icml/2010.bib},
  bibsource = {dblp computer science bibliography, https://dblp.org}
}

@manual{ai-thinker:esp12e,
  title        = {ESP-12E WiFi Module},
  author = {{AI-Thinker Team}},
  year         = {2015},
  note         = {Version 1.0},
}

@manual{dallas:ds18b20,
  title        = {DS18B20 -- Programmable Resolution 1-Wire Digital Thermometer},
  author = {{Maxim Integrated Products, Inc.}},
  year         = {2019},
  note         = {19-7487; Rev 6; 7/19},
}

@manual{adafruit:tsl2591,
  title        = {Adafruit TSL2591 High Dynamic Range Digital Light Sensor},
  author = {{Adafruit Industries}},
  year         = {2014}
}

@online{somfy:api,
  author = {Somfy},
  title = {Somfy Open API Developer Portal | APIs \& Docs},
  year = 2018,
  url = {https://developer.somfy.com/apis-docs},
  urldate = {2022-03-23}
}

@online{tetienne:pymfy,
  author = {Thibaut Etienne},
  title = {Somfy Open API},
  year = 2021,
  url = {https://github.com/tetienne/somfy-open-api#readme},
  urldate = {2022-03-23}
}

@online{wendlers:mpfshell,
  author = {Stefan Wendler},
  title = {MPFShell},
  year = 2018,
  url = {https://github.com/wendlers/mpfshell},
  urldate = {2022-03-23}
}

@online{mongodb:mongodb,
  author = {{MongoDB, Inc.}},
  title = {MongoDB Documentation},
  year = 2021,
  url = {https://www.mongodb.com/docs/},
  urldate = {2022-04-20}
}

@online{micropython,
  author = {Damien P. George and Paul Sokolovsky},
  title = {The MicroPython Documentation},
  year = 2014,
  url = {http://docs.micropython.org/en/latest/},
  urldate = {2022-03-23}
}

@online{keras:doc,
  author = {Keras},
  title = {Keras API reference},
  year = 2022,
  url = {https://keras.io/api/},
  urldate = {2022-04-21}
}

@online{apple:home,
  author = {{Apple Inc.}},
  title = {Apple Home},
  year = 2022,
  url = {https://www.apple.com/ios/home/},
  urldate = {2022-04-21}
}

@online{hass:hass,
  author = {{Home Assistant}},
  title = {Home Assistant},
  year = 2022,
  url = {https://www.home-assistant.io/},
  urldate = {2022-04-21}
}

@online{openhab:openhab,
  author = {{OpenHAB Foundation}},
  title = {OpenHAB},
  year = 2022,
  url = {https://www.openhab.org/},
  urldate = {2022-04-21}
}

@online{vercel:nextjs,
  author = {Vercel},
  organization = {Vercel},
  title = {Next.js},
  year = 2022,
  url = {https://nextjs.org/},
  urldate = {2022-04-21}
}

@online{w3c:svg,
  author = {Erik Dahlström and Patrick Dengler and Anthony Grasso and Chris Lilley and Cameron McCormack and Doug Schepers and Jonathan Watt},
  title = {Somfy Open API},
  year = 2011,
  url = {https://www.w3.org/TR/SVG11/},
  urldate = {2022-04-21}
}

@online{mqtt,
  author = {{OASIS Open}},
  title = {MQTT Version 3.1.1},
  year = 2014,
  month = 10,
  day = 29,
  url = {http://docs.oasis-open.org/mqtt/mqtt/v3.1.1/mqtt-v3.1.1.html},
  urldate = {2022-03-28},
  editor = {Andrew Banks and Rahul Gupta}
  }

@techreport{RFC6455,
  author = {I. Fette and A. Melnikov},
  title = {The WebSocket Protocol},
  howpublished = {Internet Requests for Comments},
  type = {RFC},
  number = {6455},
  year = {2011},
  month = {12},
  issn = {2070-1721},
  publisher = {RFC Editor},
  institution = {RFC Editor},
  url = {http://www.rfc-editor.org/rfc/rfc6455.txt},
  note = {\url{http://www.rfc-editor.org/rfc/rfc6455.txt}},
}

@article{breiman:pfi,
author = {Leo Breiman},
year = {2001},
month = {10},
pages = {5-32},
title = {Random Forests},
volume = {45},
journal = {Machine Learning},
doi = {10.1023/A:1010950718922}
}

@article{hochreiter:lstm,
author = {Hochreiter, Sepp and Schmidhuber, Jürgen},
year = {1997},
month = {12},
pages = {1735-80},
title = {Long Short-term Memory},
volume = {9},
journal = {Neural computation},
doi = {10.1162/neco.1997.9.8.1735}
}

@article{rumel:rnn,
  title={Learning representations by back-propagating errors},
  author={Rumelhart, David E and Hinton, Geoffrey E and Williams, Ronald J},
  journal={nature},
  volume={323},
  number={6088},
  pages={533--536},
  year={1986},
  publisher={Nature Publishing Group}
}

@ARTICLE{lstm:forget,
  author={Gers, Felix A. and Schmidhuber, Jürgen and Cummins, Fred},
  journal={Neural Computation}, 
  title={Learning to Forget: Continual Prediction with LSTM}, 
  year={2000},
  volume={12},
  number={10},
  pages={2451-2471},
  doi={10.1162/089976600300015015}}

@book{lubinova:stineni,
  author         = {Štěpánka Lubinová},
  publisher      = {Grada Publishing},
  title          = {Stínění oken: žaluzie, rolety, markýzy a slunolamy},
  year           = {2013},
  isbn           = {978-80-247-4579-4},
}

@article{gokhale:iot,
  title={Introduction to IOT},
  author={Gokhale, Pradyumna and Bhat, Omkar and Bhat, Sagar},
  journal={International Advanced Research Journal in Science, Engineering and Technology},
  volume={5},
  number={1},
  pages={41--44},
  year={2018}
}

@article{popa:dl,
  doi = {10.1007/s00521-018-3724-6},
  url = {https://doi.org/10.1007/s00521-018-3724-6},
  year = {2018},
  month = sep,
  publisher = {Springer Science and Business Media {LLC}},
  volume = {31},
  number = {5},
  pages = {1317--1337},
  author = {Dan Popa and Florin Pop and Cristina Serbanescu and Aniello Castiglione},
  title = {Deep learning model for home automation and energy reduction in a smart home environment platform},
  journal = {Neural Computing and Applications}
}

@INPROCEEDINGS{jaihar:mlha,
  author={Jaihar, John and Lingayat, Neehal and Vijaybhai, Patel Sapan and Venkatesh, Gautam and Upla, K. P.},
  booktitle={2020 International Conference for Emerging Technology (INCET)}, 
  title={Smart Home Automation Using Machine Learning Algorithms}, 
  year={2020},
  volume={},
  number={},
  pages={1-4},
  doi={10.1109/INCET49848.2020.9154007}}

@mastersthesis{linn:backprop,
  title={The representation of the cumulative rounding error of an algorithm as a Taylor expansion of the local rounding errors},
  author={Linnainmaa, Seppo},
  year={1970},
  school={Univ. Helsinky}
}

Méthode généralepour larésolution des systèmes
d'équations simultanées

@article{cauchy:gd,
  url = {https://gallica.bnf.fr/ark:/12148/bpt6k2982c/},
  year = {1847},
  month = dec,
  publisher = {l'Académie des sciences},
  volume          = {25},
  number = {55},
  pages = {536--538},
  author = {Augustin Cauchy},
  title = {Méthode générale pour la résolution des systèmes d'équations simultanées},
  journal = {Comptes Rendus de l'Académie des sciences}
}